<?xml version="1.0" encoding="UTF-8"?>
<record>
  <leader>03424njm#a2200661#c#4500</leader>
  <controlfield tag="005">20210409120522.0</controlfield>
  <controlfield tag="007">co#|||||||||||</controlfield>
  <controlfield tag="007">vd#||||||</controlfield>
  <controlfield tag="008">160114|2010####gw#|||##q###########ger#c</controlfield>
  <controlfield tag="003">DE-605</controlfield>
  <controlfield tag="001">990210285400206441</controlfield>
  <datafield tag="024" ind1="3" ind2=" ">
    <subfield code="a">8 07280 71579 8</subfield>
  </datafield>
  <datafield tag="028" ind1="5" ind2="2">
    <subfield code="a">107 157</subfield>
  </datafield>
  <datafield tag="035" ind1=" " ind2=" ">
    <subfield code="a">(DE-605)HT018857620</subfield>
  </datafield>
  <datafield tag="040" ind1=" " ind2=" ">
    <subfield code="a">Kn 38</subfield>
    <subfield code="b">ger</subfield>
    <subfield code="d">HBZ/Red</subfield>
    <subfield code="e">rda</subfield>
  </datafield>
  <datafield tag="041" ind1=" " ind2=" ">
    <subfield code="a">ger</subfield>
  </datafield>
  <datafield tag="044" ind1=" " ind2=" ">
    <subfield code="c">XA-DE</subfield>
  </datafield>
  <datafield tag="245" ind1="0" ind2="0">
    <subfield code="a">European Concert 1992</subfield>
    <subfield code="c">Berliner Philharmoniker. Daniel Barenboim [Dirigent]. Plácido Domingo, tenor</subfield>
  </datafield>
  <datafield tag="264" ind1=" " ind2="1">
    <subfield code="a">[Halle (Saale)]</subfield>
    <subfield code="b">Arthaus</subfield>
    <subfield code="c">[2010]</subfield>
  </datafield>
  <datafield tag="264" ind1=" " ind2="4">
    <subfield code="c">[©2010]</subfield>
  </datafield>
  <datafield tag="300" ind1=" " ind2=" ">
    <subfield code="a">1 DVD-Video</subfield>
    <subfield code="b">DVD 9, PAL</subfield>
    <subfield code="c">12 cm</subfield>
    <subfield code="e">Beih.</subfield>
  </datafield>
  <datafield tag="336" ind1=" " ind2=" ">
    <subfield code="b">prm</subfield>
  </datafield>
  <datafield tag="336" ind1=" " ind2=" ">
    <subfield code="b">tdi</subfield>
  </datafield>
  <datafield tag="337" ind1=" " ind2=" ">
    <subfield code="b">v</subfield>
  </datafield>
  <datafield tag="338" ind1=" " ind2=" ">
    <subfield code="b">vd</subfield>
  </datafield>
  <datafield tag="344" ind1=" " ind2=" ">
    <subfield code="g">stereo</subfield>
  </datafield>
  <datafield tag="347" ind1=" " ind2=" ">
    <subfield code="a">Videodatei</subfield>
    <subfield code="e">0</subfield>
  </datafield>
  <datafield tag="500" ind1=" " ind2=" ">
    <subfield code="a">PCM stereo, DD 5.1, DTS 5.1, Bildformat: 4:3, Running time: 104 min, DVD 9/PAL</subfield>
    <subfield code="9">F:501</subfield>
  </datafield>
  <datafield tag="500" ind1=" " ind2=" ">
    <subfield code="a">Directed by Brian Large. Executive Producers: Hans Peter Birke-Malzer...</subfield>
    <subfield code="9">F:501</subfield>
  </datafield>
  <datafield tag="500" ind1=" " ind2=" ">
    <subfield code="a">El Escorial, live from the Basilica of the royal monastary of San Lorenz De El Escorial, 1992</subfield>
    <subfield code="9">F:501</subfield>
  </datafield>
  <datafield tag="505" ind1="8" ind2="0">
    <subfield code="t">La Forza del destino: Overture</subfield>
    <subfield code="r">Giuseppe Verdi</subfield>
  </datafield>
  <datafield tag="505" ind1="8" ind2="0">
    <subfield code="t">Don Carlo: 'Io I'ho perduta'</subfield>
    <subfield code="r">Giuseppe Verdi</subfield>
  </datafield>
  <datafield tag="505" ind1="8" ind2="0">
    <subfield code="t">La damnation de Faust: Marche hongroise</subfield>
    <subfield code="r">Hector Berlioz</subfield>
  </datafield>
  <datafield tag="505" ind1="8" ind2="0">
    <subfield code="t">Symphony no. 7 in b minor: allegro moderato</subfield>
    <subfield code="r">Franz Schubert</subfield>
  </datafield>
  <datafield tag="505" ind1="8" ind2="0">
    <subfield code="t">Die Meistersinger von Nürnberg: Pelude to act I</subfield>
    <subfield code="r">Richard Wagner</subfield>
  </datafield>
  <datafield tag="505" ind1="8" ind2="0">
    <subfield code="t">Die Walküre: 'Winterstürme wichen dem Wonnemond'</subfield>
    <subfield code="r">Richard Wagner</subfield>
  </datafield>
  <datafield tag="505" ind1="8" ind2="0">
    <subfield code="t">Götterdämmerung: Tagesgrauen, Sonnenaufgang, voller Tag, Siegfrieds Rheinfahrt</subfield>
    <subfield code="r">Richard Wagner</subfield>
  </datafield>
  <datafield tag="505" ind1="8" ind2="0">
    <subfield code="t">Götterdämmerung: Siefrieds Tod, Trauermarsch</subfield>
    <subfield code="r">Richard Wagner</subfield>
  </datafield>
  <datafield tag="505" ind1="8" ind2="0">
    <subfield code="t">Götterdämmerung: Schlussszene</subfield>
    <subfield code="r">Richard Wagner</subfield>
  </datafield>
  <datafield tag="655" ind1=" " ind2="7">
    <subfield code="a">DVD-Video</subfield>
    <subfield code="0">(DE-588)4585125-6</subfield>
    <subfield code="2">gnd-carrier</subfield>
  </datafield>
  <datafield tag="700" ind1="1" ind2=" ">
    <subfield code="a">Barenboim, Daniel</subfield>
    <subfield code="d">1942-</subfield>
    <subfield code="0">(DE-588)118506560</subfield>
    <subfield code="4">cnd</subfield>
    <subfield code="4">drt</subfield>
  </datafield>
  <datafield tag="700" ind1="1" ind2=" ">
    <subfield code="a">Domingo, Plácido</subfield>
    <subfield code="d">1941-</subfield>
    <subfield code="0">(DE-588)118680242</subfield>
    <subfield code="4">sng</subfield>
  </datafield>
  <datafield tag="700" ind1="1" ind2=" ">
    <subfield code="a">Large, Brian</subfield>
    <subfield code="d">1939-</subfield>
    <subfield code="0">(DE-588)134751957</subfield>
    <subfield code="4">drt</subfield>
  </datafield>
  <datafield tag="700" ind1="1" ind2=" ">
    <subfield code="a">Birke-Malzer, Hans Peter</subfield>
    <subfield code="0">(DE-588)1138654418</subfield>
    <subfield code="4">tlp</subfield>
  </datafield>
  <datafield tag="700" ind1="1" ind2="2">
    <subfield code="a">Verdi, Giuseppe</subfield>
    <subfield code="d">1813-1901</subfield>
    <subfield code="t">&lt;&lt;La&gt;&gt; forza del destino</subfield>
    <subfield code="p">Ouvertüre</subfield>
    <subfield code="0">(DE-588)300165633</subfield>
  </datafield>
  <datafield tag="700" ind1="1" ind2="2">
    <subfield code="a">Verdi, Giuseppe</subfield>
    <subfield code="d">1813-1901</subfield>
    <subfield code="t">Don Carlos &lt;Io I'ho perduta&gt;</subfield>
    <subfield code="m">Singstimme</subfield>
    <subfield code="m">Orchester</subfield>
    <subfield code="0">(DE-588)1081395184</subfield>
  </datafield>
  <datafield tag="700" ind1="1" ind2="2">
    <subfield code="a">Berlioz, Hector</subfield>
    <subfield code="d">1803-1869</subfield>
    <subfield code="t">&lt;&lt;La&gt;&gt; damnation de Faust</subfield>
    <subfield code="p">Marche hongroise</subfield>
    <subfield code="0">(DE-588)30001922X</subfield>
  </datafield>
  <datafield tag="700" ind1="1" ind2="2">
    <subfield code="a">Berlioz, Hector</subfield>
    <subfield code="d">1803-1869</subfield>
    <subfield code="t">&lt;&lt;La&gt;&gt; damnation de Faust</subfield>
    <subfield code="p">Invocation à la nature</subfield>
    <subfield code="m">Singstimme</subfield>
    <subfield code="m">Orchester</subfield>
    <subfield code="0">(DE-588)1081431687</subfield>
  </datafield>
  <datafield tag="700" ind1="1" ind2="2">
    <subfield code="a">Schubert, Franz</subfield>
    <subfield code="d">1797-1828</subfield>
    <subfield code="t">Sinfonien</subfield>
    <subfield code="n">D 759</subfield>
    <subfield code="r">h-Moll</subfield>
    <subfield code="0">(DE-588)300141777</subfield>
  </datafield>
  <datafield tag="700" ind1="1" ind2="2">
    <subfield code="a">Wagner, Richard</subfield>
    <subfield code="d">1813-1883</subfield>
    <subfield code="t">&lt;&lt;Die&gt;&gt; Meistersinger von Nürnberg</subfield>
    <subfield code="p">Vorspiel</subfield>
    <subfield code="0">(DE-588)300170114</subfield>
  </datafield>
  <datafield tag="700" ind1="1" ind2="2">
    <subfield code="a">Wagner, Richard</subfield>
    <subfield code="d">1813-1883</subfield>
    <subfield code="t">&lt;&lt;Der&gt;&gt; Ring des Nibelungen</subfield>
    <subfield code="p">Erster Tag: Die Walküre</subfield>
    <subfield code="p">Winterstürme wichen dem Wonnemond</subfield>
    <subfield code="0">(DE-588)300170602</subfield>
  </datafield>
  <datafield tag="700" ind1="1" ind2="2">
    <subfield code="a">Wagner, Richard</subfield>
    <subfield code="d">1813-1883</subfield>
    <subfield code="t">&lt;&lt;Der&gt;&gt; Ring des Nibelungen</subfield>
    <subfield code="p">Dritter Tag: Götterdämmerung</subfield>
    <subfield code="p">Siegfrieds Rheinfahrt</subfield>
    <subfield code="0">(DE-588)300169892</subfield>
  </datafield>
  <datafield tag="700" ind1="1" ind2="2">
    <subfield code="a">Wagner, Richard</subfield>
    <subfield code="d">1813-1883</subfield>
    <subfield code="t">&lt;&lt;Der&gt;&gt; Ring des Nibelungen</subfield>
    <subfield code="p">Dritter Tag: Götterdämmerung</subfield>
    <subfield code="p">Trauermarsch</subfield>
    <subfield code="0">(DE-588)300169914</subfield>
  </datafield>
  <datafield tag="710" ind1="2" ind2=" ">
    <subfield code="a">Berliner Philharmoniker</subfield>
    <subfield code="0">(DE-588)2173862-2</subfield>
    <subfield code="4">oth</subfield>
  </datafield>
  <datafield tag="964" ind1="0" ind2="s">
    <subfield code="F">030</subfield>
    <subfield code="A">a|zur||||||37</subfield>
  </datafield>
  <datafield tag="964" ind1="0" ind2="s">
    <subfield code="F">050</subfield>
    <subfield code="A">||||||||d|||||</subfield>
  </datafield>
  <datafield tag="964" ind1="0" ind2="s">
    <subfield code="F">051</subfield>
    <subfield code="A">m|||||||</subfield>
  </datafield>
  <datafield tag="035" ind1=" " ind2=" ">
    <subfield code="a">(DE-599)HBZHT018857620</subfield>
  </datafield>
  <datafield tag="MBD" ind1=" " ind2=" ">
    <subfield code="M">49HBZ_NETWORK</subfield>
    <subfield code="i">990210285400206441</subfield>
    <subfield code="n">HBZ Network</subfield>
  </datafield>
  <datafield tag="MNG" ind1=" " ind2=" ">
    <subfield code="c">System</subfield>
    <subfield code="f">ILS</subfield>
    <subfield code="i">marc21</subfield>
    <subfield code="k">01</subfield>
    <subfield code="e">false</subfield>
    <subfield code="d">2022-08-21 04:08:54 Europe/Berlin</subfield>
    <subfield code="g">021028540-HBZ01</subfield>
    <subfield code="j">60</subfield>
    <subfield code="a">import</subfield>
    <subfield code="b">2021-04-06 00:33:28 Europe/Berlin</subfield>
  </datafield>
</record>
